<?xml version="1.0" encoding="UTF-8"?><collection xmlns="http://www.loc.gov/MARC21/slim"><record><leader>00500nam--2200181-i-4500</leader><controlfield tag="001">000027155</controlfield><controlfield tag="002">20161230</controlfield><controlfield tag="005">20161230201036</controlfield><controlfield tag="008">060222s1000------------r-----000-0-eng-d</controlfield><datafield ind1=" " ind2=" " tag="040"><subfield code="a">IFIN-HH</subfield></datafield><datafield ind1=" " ind2=" " tag="080"><subfield code="a">533.9</subfield></datafield><datafield ind1="1" ind2=" " tag="100"><subfield code="a">Kingery, W.D</subfield></datafield><datafield ind1="1" ind2="0" tag="245"><subfield code="a">Kinetics of high-temperature processes</subfield><subfield code="c">W.D. KINGERY (Ed.)</subfield></datafield><datafield ind1=" " ind2=" " tag="260"><subfield code="a">New York, John Wiley, 1959</subfield></datafield><datafield ind1=" " ind2=" " tag="300"><subfield code="a">XVI+326P</subfield></datafield><datafield ind1=" " ind2=" " tag="490"><subfield code="a">Technology Press Books In Science And Engineering</subfield></datafield><datafield ind1=" " ind2=" " tag="852"><subfield code="a">15365</subfield><subfield code="c">533.9</subfield></datafield><datafield ind1=" " ind2=" " tag="CAT"><subfield code="a">Sys</subfield><subfield code="c">20100921</subfield><subfield code="h">121241</subfield></datafield></record></collection>